<?xml version='1.0' encoding='utf-8'?>
<record xmlns="http://www.loc.gov/MARC21/slim" xmlns:xsi="http://www.w3.org/2001/XMLSchema-instance">
  <leader>^^^^^njm^a2200253^a^4500</leader>
  <controlfield tag="001">003176808</controlfield>
  <controlfield tag="005">19970910000000.0</controlfield>
  <controlfield tag="007">ssulsnjlc---cu</controlfield>
  <controlfield tag="008">970908s1997^^^^ilu^^n^^^^^^^^^^^^^^eng^d</controlfield>
  <datafield tag="028" ind1="0" ind2="2">
    <subfield code="a">DEP-020</subfield>
    <subfield code="b">Depot Recordings</subfield>
  </datafield>
  <datafield tag="035" ind1=" " ind2=" ">
    <subfield code="a">(OCoLC)ocm37567973</subfield>
  </datafield>
  <datafield tag="040" ind1=" " ind2=" ">
    <subfield code="a">BEU</subfield>
    <subfield code="c">BEU</subfield>
  </datafield>
  <datafield tag="100" ind1="1" ind2=" ">
    <subfield code="a">Murdock, Lee.</subfield>
    <subfield code="4">prf</subfield>
  </datafield>
  <datafield tag="245" ind1="1" ind2="0">
    <subfield code="a">Voices across the water</subfield>
    <subfield code="h">[sound recording] /</subfield>
    <subfield code="c">Lee Murdock.</subfield>
  </datafield>
  <datafield tag="260" ind1=" " ind2=" ">
    <subfield code="a">Kaneville, IL :</subfield>
    <subfield code="b">Depot Recordings,</subfield>
    <subfield code="c">p1997.</subfield>
  </datafield>
  <datafield tag="300" ind1=" " ind2=" ">
    <subfield code="a">1 sound cassette (58:11 min.) :</subfield>
    <subfield code="b">analog, stereo., Dolby processed +</subfield>
    <subfield code="e">1 lyric sheet</subfield>
  </datafield>
  <datafield tag="505" ind1="0" ind2=" ">
    <subfield code="a">Deep blue horizon (5:37) -- Hangin' Johnnie (2:39) -- The Longing that I feel (4:57) -- The Stomach robber (2:48) -- Below Niagara Falls (2:40) -- Voices across the water (5:42) -- We have to go out (5:10) -- Rio Grande (4:37) -- The Mules that walked the Fo'c's'le deck (3:49) -- Queen of the beach (4:31) -- Red iron ore/Wreck of the Edmund Fitzgerald (9:12) -- Shenandore (2:26) -- Let the lower lights be burning (4:03)</subfield>
  </datafield>
  <datafield tag="650" ind1=" " ind2="0">
    <subfield code="a">Folk music</subfield>
    <subfield code="z">United States.</subfield>
  </datafield>
  <datafield tag="650" ind1=" " ind2="0">
    <subfield code="a">Folk songs</subfield>
    <subfield code="z">United States.</subfield>
  </datafield>
  <datafield tag="651" ind1=" " ind2="0">
    <subfield code="a">Great Lakes Region (North America)</subfield>
    <subfield code="x">Songs and music.</subfield>
  </datafield>
  <datafield tag="852" ind1="8" ind2=" ">
    <subfield code="a">MiU-H</subfield>
    <subfield code="b">BENT</subfield>
    <subfield code="h">9793 Aa 2</subfield>
  </datafield>
  <datafield tag="998" ind1=" " ind2=" ">
    <subfield code="c">LAC</subfield>
  </datafield>
  <datafield tag="955" ind1=" " ind2=" ">
    <subfield code="b">BENT</subfield>
    <subfield code="p">B1217878</subfield>
  </datafield>
</record>
